
@book{Durst_Studien,
  author = 	 {Michael Durst},
  title = 	 {Studien zum »Liber de Synodis« des Hilarius von Poitiers},
  shorttitle = {Studien},
  location = 	 {Habil. theol. Bonn},
  year = 	 {1993},
  keywords = 	 {literatur}
}

@book{smulders_hilary_1995,
	address = {Leiden; New York},
	series = {SVigChr},
	title = {Hilary of Poitiers' preface to his Opus historicum: translation and commentary},
	title = {Hilary of Poitiers},
	number = {29},
	publisher = {E.J. Brill},
	author = {Smulders, Pieter Frans},
	year = {1995},
	keywords = {literatur}
}

@book{gummerus_homousianische_1900,
	location = {Leipzig},
	title = {Die homöusianische Partei bis zum Tode des Konstantius. Ein Beitrag zur Geschichte des arianischen Streites in den Jahren 356-361},
	shorttitle = {Homöusianische Partei},
	pagetotal = {196 S.},
	publisher = {Böhme},
	author = {Gummerus, Jaakko},
	date = {1900},
	keywords = {literatur},
}

@Book{concilia_africae,
  author = 	 {Charles Munier},
  title = 	 {Concilia Africae. A. 345--A. 525},
  year = 	 {1974},
  address = 	 {Turnhout},
  keyword = {edition},
  series = {CChr.SL},
  number = {149},
  shorthand = {Munier}
}

@Book{prosop_chretienne_2-2,
  author = 	 {Charles Pietrie and Luce Pietri},
  title = 	 {Prosopographie chrétienne du Bas-Empire. 2 Prosopographie de l'Italie chrétienne (313--604)},
  year = 	 {2000},
  address = 	 {Rom},
  keyword = {literatur},
  shorthand = {Prosopographie chrétienne 2}
}

@book{collatz_epiphanius_2006,
	address = {Berlin / New York},
	title = {Epiphanius IV. Register zu den Bänden I--III: (Ancoratus, Panarion haer. 1--80 und De fide)},
	isbn = {9783110913347},
	shorthand = {GCS Epiphanius IV},
	publisher = {Walter de Gruyter},
	author = {Collatz, Christian-Friedrich and Rattmann, Arnd},
	year = {2006},
	series = {GCS},
	keywords = {literatur}
}

@book{DidymusCaecus:1992,
   author={Doutreleau, Louis},
   title={Didyme L'Aveugle. Traité du Saint-Esprit},
   address={Paris},
   year={1992},
   series={SC},
   number = {386},
   shorthand = {Doutreleau},
   keyword = {edition},
}

@article{morales_identification_2007,
	title = {Identification de l'auteur des citations néo-ariennes dans le Traité de Basile d'Ancyre},
	shorttitle = {Identification},
        volume = {11},
	journal = {ZAC},
	author = {Morales, Xavier},
	year = {2007},
	keywords = {literatur},
	pages = {492--499}
}

@book{kopecek_history_1979,
	address = {Cambridge, Mass.},
	series = {PatMS},
	title = {A history of Neo-Arianism},
	shorttitle = {Neo-Arianism},
        number = {8},
	author = {Kopecek, Thomas A.},
	year = {1979},
	keywords = {literatur}
	}

@book{dossetti_simbolo_1967,
	address = {Rom},
	series = {Testi e ricerche di scienze religiose},
	title = {Il simbolo di Nicea e di Contantinopoli. Edizione critica},
	shorttitle = {Simbolo di Nicea},
        number = {2},
	author = {Dossetti, Guiseppe Luigi},
	year = {1967},
	keywords = {edition}
}

@book{belke_phrygien_2004,
	location = {Wien},
	edition = {2., unveränderte Aufl.},
	title = {Phrygien und Pisidien},
	number = {7},
        shorthand = {TIB Phrygien},
	series = {TIB},
	publisher = {Verlag der Österreichischen Akademie der Wissenschaften},
	author = {Belke, Klaus and Mersich, Norbert},
	date = {2004},
	keywords = {literatur}
}

@article{hauschild_antinizaenische_1970,
	title = {Die antinizänische Synodalaktensammlung des Sabinus von Heraklea},
	shorttitle = {Antinizänische Synodalaktensammlung},
	volume = {24},
	pages = {105-126},
	journaltitle = {VigChr},
	author = {Hauschild, Wolf-Dieter},
	date = {1970},
	keywords = {literatur}
}

@book{huebner_schrift_1989,
	location = {Berlin and New York},
	title = {Die Schrift des Apolinarius von Laodicea gegen Photin},
	shorttitle = {Schrift des Apolinarius},
	volume = {30},
	series = {PTS},
	author = {Hübner, Reinhard M.},
	date = {1989},
	keywords = {literatur}
}

@thesis{jacobs_hilary_1968,
	location = {Atlanta},
	title = {Hilary of Poitiers and the Homoeousians. A Study of the Eastern Roots of His Ecumenical Trinitarianism},
	shorttitle = {Hilary of Poitiers and the Homoeousians},
	school = {Emory University},
	author = {Jacobs, Alan D.},
	date = {1968},
	keywords = {literatur}
}

@book{martin_athanase_2013,
	location = {Paris},
	title = {Athanase d'Alexandrie, Lettre sur les synodes},
	shorthand = {Martin/Morales},
        number = {563},
	series = {SC},
	author = {Martin, Annick and Morales, Xavier},
	date = {2013},
	keywords = {edition}
}
@book{karmann_meletius_2009,
	location = {Frankfurt am Main},
	title = {Meletius von Antiochien. Studien zur Geschichte des trinitätstheologischen Streits in den Jahren 360--364 n.\,Chr.},
	shorttitle = {Meletius von Antiochien},
        number = {68},
	series = {Regensburger Studien zur Theologie},
	publisher = {Lang},
	author = {Karmann, Thomas},
	date = {2009},
	keywords = {literatur}
}

@Article{troncarelli_odisea_1991,
  author = 	 {Fabio Troncarelli},
  title = 	 {L'odissea di un'odissea. Note sull'Ilario Basilicano (Arch. S. Pietro D 182)},
  shorttitle = 	 {L'odissea di un'odissea},
  journal = 	 {Scriptorium},
  year = 	 {1991},
  volume = 	 {45},
  pages = 	 {3-21},
  keywords = {literatur}
}

@book{avagyan_armenische_2009,
	title = {Die armenische Athanasius-Überlieferung. Das auf Armenisch unter dem Namen des Athanasius von Alexandrien tradierte Schrifttum},
	shorttitle = {Armenische Athanasius-Überlieferung},
        series = {PTS},
	number = {69},
	location = {Berlin, Boston},
	author = {Avagyan, Anahit},
	date = {2014},
	keywords = {literatur}
}

@book{heil_athanasius_1999,
	location = {Berlin, New York},
	title = {Athanasius von Alexandrien~-- De sententia Dionysii. Einleitung, Übersetzung und Kommentar},
	shorttitle = {Athanasius von Alexandrien~-- De sententia Dionysii},
	number = {52},
	series = {PTS},
	publisher = {Walter de Gruyter},
	author = {Heil, Uta},
	date = {1999},
	keywords = {literatur}
}

@article{tetz_zur_1964,
	title = {Zur Theologie des Markell von Ankyra I},
	shorttitle = {Theologie des Markell I},
        volume = {75},
	pages = {217-270},
	journaltitle = {ZKG},
	author = {Tetz, Martin},
	date = {1964},
	keywords = {literatur}
}

@book{stuelcken_athanasiana_1899,
	location = {Leipzig},
	title = {Athanasiana. Litterar- und dogmengeschichtliche Untersuchungen},
        shorttitle = {Athanasiana},
	number = {19,4},
	series = {Texte und Untersuchungen zur Geschichte der altchristlichen Literatur},
	publisher = {Hinrichs},
	author = {Stülcken, Alfred},
	date = {1899},
	keywords = {literatur}
}

@book{hoss_studien_1899,
	location = {Freiburg i. Br.},
	title = {Studien über das Schrifttum und die Theologie des Athanasius auf Grund einer Echtheitsuntersuchung von Athanasius Contra gentes und De incarnatione},
        shorttitle = {Studien},
	publisher = {Mohr},
	author = {Hoss, Karl},
	date = {1899},
	keywords = {literatur}
}

@book{tayeci_s._1899,
	location = {Venetiis},
	title = {S. Athanasii patriarchae Alexandriae homiliae, epistulae et controuersiae},
	shorttitle = {S. Athanasii},
        author = {Tayec'i, Esayi},
	date = {1899},
	keywords = {edition}
}

@book{munier_concilia_1963,
	location = {Turnhout},
	title = {Concilia Galliae. A. 314--A. 506},
	shorttitle = {Concilia Galliae},
	number = {148},
	series = {CChr.SL},
	publisher = {Brepols},
	author = {Munier, Charles},
	date = {1963},
	keywords = {edition}
}

@article{richard_bulletin_1949,
	title = {Bulletin de Patrologie},
	shorttitle = {Bulletin},	
	volume = {6},
	pages = {117-133},
	journaltitle = {Mélanges de science religieuse},
	author = {Richard, Marcel},
	date = {1949},
	keywords = {literatur}
}

@article{scheidweiler_glaubensbekenntnis_1952,
	title = {Ein Glaubensbekenntnis des Eustathius von Antiochien?},
	shorttitle = {Glaubensbekenntnis},
	volume = {44},
	pages = {237-249},
	journaltitle = {ZNW},
	author = {Scheidweiler, Felix},
	date = {1952/1953},
	keywords = {edition}
}

@book{vaggione_eunomius_2000,
	location = {Oxford},
	title = {Eunomius of Cyzicus and the Nicene revolution},
	shorttitle = {Eunomius of Cyzicus},
	isbn = {0-19-814678-7},
	pagetotal = {XXV, 425 S.},
	series = {Oxford early Christian studies},
	publisher = {Oxford Univ. Press},
	author = {Vaggione, Richard Paul},
	date = {2000},
	keywords = {literatur}
}

@article{bardy_heritage_1928,
	title = {L'héritage littéraire d'Aetius},
	shorttitle = {Héritage littéraire},
        volume = {24},
	pages = {809-827},
	journaltitle = {RHE},
	author = {Bardy, Gustave},
	date = {1928},
	keywords = {literatur}
}

@article{renoux_athanase_1989,
	title = {Athanase {d'Alexandrie} dans le florilège arménien du Manuscrit Galata 54 {(Deuxième} Partie)},
	volume = {103},
	shorttitle = {Florilège arménien {II}},
	journal = {Handes amsoreay},
	author = {Renoux, Charles},
	year = {1989},
	keywords = {literatur},
	pages = {7--27}
}
@book{rocher_hilaire_1987,
        shorthand = {Rocher},
	location = {Paris},
	title = {Hilaire de Poitiers, Contre Constance},
	pagetotal = {275 S.},
	number = {334},
	series = {SC},
	publisher = {Éd. du Cerf},
	author = {Rocher, André},
	date = {1987},
	keywords = {edition}
}

@book{canellis_hieron_2000,
	address = {Turnhout},
	series = {CChr.SL},
	title = {S. Hieronymi Presbyteri Opera. Opera {III.} Opera polemica. 4 Altercatio Luciferiani et Orthodoxi},
        shorttitle = {Altercatio Luciferiani et Orthodoxi},
	isbn = {9782503007953},
	number = {79B},
	publisher = {Brepols},
	author = {Canellis, Aline},
	year = {2000},
	keywords = {edition}
}

@book{PLRE,
  Address =	 {Cambridge},
  Author =	 {Martindale, John R. and Jones, Arnold H. M.},
  Keywords =	 {Prosopographie; Sp{\"a}tantike},
  Publisher =	 {Cambridge Univ. Pr.},
  Title =	 {The prosopography of the later Roman Empire
                  I. A.D. 260--395},
  shorttitle =	 {PLRE I},
  Year =	 {1971}
}

@article{tetz_markell_1972,
	title = {Zur Theologie des Markell von Ankyra III},
	shorttitle = {Theologie des Markell III},
        volume = {83},
	journal = {ZKG},
	author = {Martin Tetz},
	year = {1972},
	keywords = {literatur},
	pages = {145--194}
}

@book{nordberg_athanasiana_1962,
	address = {Helsinki},
	series = {Societas Scientarum Fennica. Commentationes Humanarum Litterarum},
	title = {Athanasiana. Part I: The Texts},
	shorttitle = {Athanasiana},
number = {XXX.2},
	author = {Henric Nordberg},
	year = {1962},
	keywords = {edition}
}


@book{casey_armenian_1947,
	location = {London u.a.},
	title = {The Armenian Version of the Pseudo-Athanasian Letter to the Antiochenes and of the Expositio Fidei. With Some Fragments of the Apocryphal Ezekiel},
	shorttitle = {Armenian Version},
	number = {15},
	series = {StD},
	publisher = {Christophers [u.a.]},
	author = {Casey, Robert Pierce},
	date = {1947},
	keywords = {edition}
}

@book{martin_histoire_1985,
	address = {Paris},
	series = {SC},
	title = {Histoire « Acéphale » et index syriaque des lettres festales d'Athanase d'Alexandrie},
	shorttitle = {Histoire},
	isbn = {2-204-02353-1},
	number = {317},
	publisher = {\'{E}d. du Cerf},
	author = {Annik Martin},
	shorthand = {Martin},
	year = {1985},
	keywords = {edition}
}


@article{scheidweiler_wer_1954,
	title = {Wer ist der Verfasser des sog. Sermo maior de fide?},
	shorttitle = {Verfasser},
        volume = {47},
	pages = {333--357},
	journaltitle = {ByZ},
	author = {Scheidweiler, Felix},
	date = {1954},
	keywords = {literatur}
}

@book{barnes_athanasius_1993,
	address = {Cambridge, Mass./London},
	title = {Athanasius and Constantius. Theology and Politics in the Constantine Empire},
	shorttitle = {Athanasius and Constantius},
	author = {Timothy D. Barnes},
	year = {1993},
	keywords = {literatur}
}

@book{beneshevi_syntagma_1906,
	address = {Sankt Petersburg},
	title = {Drevne-slavjanskaja korm\v{c}aja {XIV} titulov bez tolkovanij {(Syntagma} {XIV} titulorum sine scholiis)},
	shorttitle = {Syntagma XIV titulorum},
	author = {Vladimir N. Bene\v{s}evi\v{c}},
	year = {1906},
	keywords = {literatur}
}

@incollection{lamberz_handschriften_2000,
	address = {Firenze},
	series = {Papyrologica florentina},
	title = {Handschriften und Bibliotheken im Spiegel der Akten des {VII.} ökumenischen Konzils (787)},
	shorttitle = {Handschriften und Bibliotheken},
	number = {31},
	booktitle = {I manoscritti greci tra riflessione e dibattito. Atti del V Colloquio Internazionale di Paleografia Greca {(Cremona,} 4 - 10 ottobre 1998) I},
	publisher = {Gonnelli},
	author = {Erich Lamberz},
	editor = {Giancarlo Prato},
	year = {2000},
	keywords = {literatur},
	pages = {47--63}
}

@book{lamberz_acta_2008,
	address = {{Berlin/New} York},
	title = {Acta conciliorum oecumenicorum. Series Secunda. Vol {III:} Concilium Nicaenum Secundum Pars 1 Concilii Actiones {I-III}},
        shorttitle = {ACO III 1},
	isbn = {978-3-11-019002-1},
	publisher = {de Gruyter},
	author = {Erich Lamberz},
	year = {2008},
	keywords = {edition}
}

@book{Philostorgius:1981,
  shorthand =	 {Bidez/Winkelmann},
  title =	 {Philostorgius Kirchengeschichte. Mit dem Leben des
                  Lucian von Antiochien und den Fragmenten eines
                  arianischen Historiographen},
  address =	 {Berlin},
  edition =	 3,
  author =	 {Joseph Bidez and Friedhelm Winkelmann},
  number =	 21,
  publisher =	 {Akad.-Verl.},
  series =	 {GSS},
  year =	 1981,
  biburl =
                  {http://www.bibsonomy.org/bibtex/2f833be81c52468330b52912515b54a91/avs},
  keywords =	 {edition},
}


@book{Helm:Chronik,
  shorthand =	 {Helm/Treu},
  title =	 {Eusebius Werke VII. Die Chronik des Hieronymus},
  address =	 {Berlin},
  edition =	 3,
  author =	 {Rudolf Helm and Ursula Treu},
  number =	 47,
  series =	 {GCS},
  year =	 1984,
  biburl =
                  {http://www.bibsonomy.org/bibtex/2d63f510b4b84b76a159b714f5415f811/avs},
  keywords =	 {edition},
}



@book{Conti:1999,
        title = {Potamii episcopi Olisponensis opera omnia},
        address = {Turnhout},
	shorthand = {Conti},
        author = {Marco Conti},
        number = {69A},
        publisher = {Brepols},
        series = {CChr.SL},
        year = 1999,
        biburl = {http://www.bibsonomy.org/bibtex/211f10a36f6ecd86871fbbc2a83271d68/avs},
	keywords = {edition},
    isbn = {2-503-00693-0 - 2-503-00694-9}}

@book{Dindorf:Chron1,
        title = {Chronicon paschale. Vol. I},
	shorthand = {Dindorf},
        address = {Bonn},
        author = {Ludwig Dindorf},
        series = {CSHB},
        year = 1832,
	keywords = {edition},
    }


@book{Diercks:1978,
   author={Diercks, Gerardus F.},
   shorthand = {Diercks},
   title={Luciferi Calaritani opera quae supersunt},
   address={Turnhout},
   publisher={Brepols},
   year={1978},
   series={CChr.SL},
number = {8},
keywords = {edition},
}


@book{Joannou:Fonti2,
        title = {Fonti, Fascicolo IX: Discipline générale antique (IV\textsuperscript{e}--IX\textsuperscript{e} s.). Tom. II: Les canons des Pères Grecs},
        address = {Grottaferrata},
        author = {Périclès-Pierre Joannou},
	shorthand = {Joannou},
        year = 1963,
        biburl = {http://www.bibsonomy.org/bibtex/24feb269cf7f838176f3009d4e0050e08/avs},
	keywords = {edition},
    shorttitle = {Fonti II}}

@incollection{bulhart_marcellinus_1967,
	location = {Turnhout},
	author = {Manlio Simonetti},
	title = {Marcellinus et Faustinus presbyteri de confessione verae fidei et ostentatione sacrae communionis (Libellus precum)},
	series = {CChr.SL},
	pages = {359-392},
	number = {69},
	booktitle = {Gregorii Iliberritani episcopi quae supersunt},
	editor = {Bulhart, Vinzenz},
	date = {1967},
	keywords = {edition}
}


@book{FaustinusLuciferianus:2006,
   author={Canellis, Aline},
   title={Faustin et Marcellin, Supplique aux empereurs},
   address={Paris},
   year={2006},
   series={SC},
   number={504},
   keyword={edition},
}

@article{Schubert:2006,
author = {Schubert, Christoph},
title = {Ein wiedergewonnenes Schreiben des Eusebius von Vercelli},
shorttitle = {Eusebius},
journal = {ZAC},
volume = {10},
pages = {15-18},
year = {2006},
}


@book{Bulhart:Euseb,
        title = {Eusebii Vercellensis episcopi quae supersunt},
        address = {Turnhout},
        author = {Vinzenz Bulhart},
	shorthand = {Bulhart},
        number = 9,
        publisher = {Brepols},
        series = {CChr.SL},
        year = 1957,
        biburl = {http://www.bibsonomy.org/bibtex/29d5ca05338c40a9251dd72d452332ba2/avs},
	keywords = {edition},
    }

@book{Baronius:Annales3,
        title = {Annales Ecclesiastici},
        address = {Antverpiae},
        author = {Cesare Baronio},
        edition = {Novissima Editio, postremum ab Auctore aucta et recognita},
        editor = {Odorico Rinaldi and Giacomo Laderchi and Abraham Bzowski},
        publisher = {Plantinianus},
        volume = {III},
        year = 1624,
	shorthand = {Baronio},
	keywords = {edition},
    }

@book{ughelli_italia_1719,
	address = {Venedig},
	title = {Italia Sacra Sive De Episcopis Italiae, Et Insularum adiacentium, rebusque ab iis praeclare gestis, deducta serie ad nostram usque aetatem. Opus Singulare Provinciis {XX.} Distinctum, In quo Ecclesiarum origines, Urbium conditiones Principum donationes recondita monumenta in lucem proferuntur. Editio secunda, aucta \& emendata / Cura Et Studio Nicolai Coleti. Vol. {IV} Complectens Metropolitanas, earumque suffraganeas Ecclesias, quae in amplissimis Insubriae, Liguriae, ac Pedemontis Italiae Provinciis spectantur},
shorttitle={Italia sacra IV},
	publisher = {Coleti},
	author = {Ferdinando Ughelli},
	year = {1719}
}


@article{Wickham:Syntagmation,
        title = {The Syntagmation of Aetius the Anomean},
	shorttitle = {Syntagmation},
        author = {Lionel R. Wickham},
        journal = {JThS},
        pages = {532-569},
        volume = 19,
        year = 1968,
	keywords = {edition}
}



@article{Silvestre:1973,
  title =	 {A propos d'une récente Édition de la « Damnatio
                  Arrii » de Rimini},
  shorttitle =   {A propos},		  
  author =	 {Hubert Silvestre},
  journal =	 {RHE},
  pages =	 {102-104},
  volume =	 {68},
  year =	 {1973},
  keywords =	 {literatur}
}


@Book{Halm:Sulpicius,
  keywords =	 {edition},
  shorthand =	 {Halm},
  author =	 {Karl Halm},
  title =	 {Sulpicii Severi libri quae supersunt},
  year =	 {1866},
  series =	 {CSEL},
  number =	 {1},
  address =	 {Wien},
}

@Book{SCh:Sulpicius,
  keywords =	 {edition},
  shorthand =	 {Senneville-Grave},
  author =	 {Ghislaine de Senneville-Grave},
  title =	 {Sulpice Sévère Chroniques},
  year =	 {1999},
  series =	 {SCh},
  number =	 {441},
  address =	 {Paris},
}

@book{PhoebadiusAginnensis:1985,
	title = {Foebadi Aginnensis liber contra Arrianos},
	address = {Turnholti},
	author = {Roland Demeulenaere},
        shorthand = {Demeulenaere},
	number = {64},
	series = {CChr.SL},
	year = {1985},
	biburl = {http://www.bibsonomy.org/bibtex/2df334b92b4f88bb5f1966a7e44bb457a/avs},
	isbn = {2-503-00641-8 - 2-503-00642-6}, totalpages = {523 S.},
	keywords = {edition}
}

@Book{Alcuin:1777,
  editor =	 {Foggini, Pier Francesco and Froben, E.},
  title =	 {Beati Flacci Albini Sev Alcvini Abbatis, Caroli
                  Magni Regis Ac Imperatoris, Magistri Opera I},
  shorttitle =	 {Alcvini Opera I},
  year =	 {1777},
  address =	 {Regensburg}
}

@book{Basilius:1968,
	title = {Basile de Césarée, Sur le saint-exprit},
	address = {Paris},
	edition = {2},
	author = {Beno{\^i}t Pruche},
        shorthand = {Pruche},
	number = {17bis},
	publisher = {Éd. du Cerf},
	series = {SC},
	year = {1968},
	biburl = {http://www.bibsonomy.org/bibtex/2ceae18a95ce9250266fdd6fbab87b611/avs},
	totalpages = {552 S.},
	keywords = {edition}
}


@book{Hoenscheid:1975,
	title = {Didymus der Blinde. De trinitate, Buch 1},
	shorttitle = {Didym., trin. 1},
	address = {Meisenheim am Glan},
	author = {Jürgen Hönscheid},
	number = {44},
	publisher = {Hain},
	series = {BKP},
	year = {1975},
	keywords = {edition}
}

@phdthesis{Bizer:Studien,
	title = {Studien zu pseudathanasianischen Dialogen der Orthodoxos und A"etios},
	shorttitle = {Studien},
	address = {Bonn},
	author = {Christoph Bizer},
	school = {theol.},
	year = {1970},
	keywords = {edition}
}

@article{Tetz:1988,
  title =	 {Ein enzyklisches Schreiben der Synode von
                  Alexandrien (362)},
  author =	 {Martin Tetz},
  journal =	 {ZNW},
  pages =	 {262-281},
  volume =	 {79},
  year =	 {1988},
  shorttitle =	 {Enzyklisches Schreiben},
  keywords =	 {edition}
} 

@article{Duval:1972,
  title =	 {Une traduction latine inedite du Symbole de Nicée et
                  une condemnation d'Arius à Rimini. Nouveau fragment
                  historique d'Hilaire ou pièces des Actes du
                  concile?},
  shorttitle =	 {Une traduction latine inedite},
  author =	 {Yves-Marie Duval},
  journal =	 {RBen},
  pages =	 {7-25},
  volume =	 {82},
  year =	 {1972},
  keywords =	 {edition}
}

@book{Blumenshine:1980,
  author =	 {Blumenshine, Gary B.},
  title =	 {Liber Alcvini contra haeresim felicis. Edition with
                  an introduction},
  address =	 {Citt{\`a} del Vaticano},
  publisher =	 {Biblioteca Apostolica Vaticana},
  year =	 {1980},
  series =	 {StT},
  number =	 {285},
  keywords =	 {edition},
  shorthand = {Blumenshine},
}

@book{Conti:1998,
   author={Conti, Marco},
   title={The life and works of Potamius of Lisbon : a biographical and literary study with English translation and a complete commentary on the extant works of Potamius: Epistula ad Athanasium, De Lazaro, De Martyrio Isaiae Prophetae, Epistula de Substantia, Epistula Potami},
   address={Turnhout},
   publisher={Brepols},
   year={1998},
   ISBN={2-503-50688-7},
   shorthand = {Conti},
   series={Instrumenta patristica},
   volume = {32},
   pages={XVIII, 190 S.},
keywords = {literatur}
}

@book{AWIII3,
	title = {Athanasius Werke. Band III: Dokumente zur Geschichte des arianischen Streites. Lieferung 3: Bis zur Ekthesis makrostichos},
shorttitle = {Athanasius Werke III 3},
	address = {Berlin/New York},
	author = {Hanns Christof Brennecke and Uta Heil and Annette von Stockhausen and Angelika Wintjes},
	publisher = {Walter de Gruyter},
	year = {2007},
	biburl = {http://www.bibsonomy.org/bibtex/222a241809cacf45176c5de5fe18359fc/avs},
	keywords = {edition}
}

@ARTICLE{DeBruyne,
keywords = {edition},
  author = {D. de Bruyne},
  title = {Deux lettres inconnues de Theognius l'évêque arien de Nicée},
  journal = {ZNW},
  year = {1928},
  volume = {27},
  pages = {106-110},
  shorttitle = {Deux lettres}
}

@Book{Athanasius:PG,
keywords = {edition},
shorttitle = {PG 25},
author = {Jean-Paul Migne},
title = {{\greektext{To\~u >en <ag'ioic Patr`oc <hm\~wn >Ajanas'iou >Arqiepisk'opou >Alexandre'iac t`a e<urisk'omena p'anta.}} S.P.N. Athanasii Archiepiscopi Alexandrini Opera omnia quae exstant vel quae ejus nomine circumferuntur, ad mss. codices Gallicanos, Vaticanos, etc. necnon ad Commelinianas lectiones castigata, multis aucta: nova interpretatione, praefationibus, notis, variis lectionibus illustrata: nova Sancti Doctoris vita, onomastico, et copiosissimis indicibus locupletata, opera et studio monachorum Ordinis S. Benedicti e congretatione S. Mauri, novissimis nunc curis emendatiora, et quarto volumine aucta},
year = {1857--87 (= ND Turnhout 1979--84)},
number = {25--28},
series = {PG},
address = {Paris}
}


@BOOK{Mommsen:Chronica,
keywords = {edition},
  title = {Chronica minora saec. IV. V. VI. VII. Bd.I},
  year = {1892},
  author = {Theodor Mommsen},
  number = {9},
  series = {MGH.AA},
  address = {Berlin},
  shorttitle = {Chronica minora I}
}

@BOOK{Schulthess:Kanones,
keywords = {edition},
  title = {Die syrischen Kanones der Synoden von Nicaea bis Chalcedon nebst
	einigen zugehörigen Dokumenten},
  year = {1908},
  author = {Friedrich Schulthess},
  number = {10/2},
  series = {AGWG.PH},
  address = {Berlin},
  owner = {stockhausen},
  shorttitle = {Kanones},
  timestamp = {2006.12.07}
}

@PHDTHESIS{Thompson:Papal,
keywords = {edition},
  author = {Glen Louis Thompson},
  title = {The Earliest Papal Correspondence},
  school = {Columbia University},
  year = {1990},
  shorttitle = {Earliest Papal Correspondence}
}

@BOOK{Bell:Jews,
keywords = {edition},
  title = {Jews and Christians in Egypt. The Jewish Troubles in Alexandria and
	the Athanasian Controversy. Illustrated by Texts from Greek Papyri
	in the British Museum},
  year = {1924},
  author = {H. Idris Bell},
  address = {London},
  owner = {stockhausen},
  shorttitle = {Jews and Christians in Egypt},
  timestamp = {2006.12.06}
}

@BOOK{Hansen:Soz,
  shorthand	  = {Bidez/Hansen},
keywords = {edition},
  title = {Sozomenus Kirchengeschichte},
  shorttitle = {Sozomenus Kirchengeschichte},
  year = {1995},
  author = {Joseph Bidez and Günther Christian Hansen},
  number = {4},
  series = {GCS.NF},
  address = {Berlin},
  edition = {2}
}

@BOOK{Brennecke2006,
keywords = {edition},
shorthand = {Brennecke""/""Heil""/""von Stockhausen},
  title = {Athanasius Werke. Band II: Die ">Apologien"<. Lieferung 8: Apologia ad Constantium / Epistula ad Ioannem et Antiochum / Epistula ad Palladium / Epistula ad Dracontium / Epistula ad Afros / Tomus ad Antiochenos / Epistula ad Jovianum / Epistula Joviani ad Athanasium / Petitiones Arianorum},
  shorttitle = {Athanasius Werke II 8},
  year = {2006},
  author = {Hanns Christof Brennecke and Uta Heil and Annette von Stockhausen},
  address = {Berlin/New York},
  owner = {stockhausen},
  timestamp = {2007.03.26}
}

@book{Vinzent:Markell,
keywords = {edition},
   author={Vinzent, Markus},
   title={Markell von Ankyra, Die Fragmente. Der Brief an Julius von Rom},
   shorttitle = {Markell},
   address={Leiden/New York/Köln},
   year={1997},
   series={SVigChr},
   number = {39}
}

@Book{Joannou:Fonti,
keywords = {edition},
  author =	 {Périclès-Pierre Joannou},
  title = 	 {Fonti. Fascicolo IX. Discipline générale antique (IV\textsuperscript{e}--IX\textsuperscript{e} s.). t. I,2 Les canons des Synodes Particuliers},
  shorttitle = {Canons des Synodes Particuliers},
  year = 	 {1962},
  address =	 {Grottaferrata}
}

@BOOK{Hil:coll,
  shorthand	  = {Feder},
keywords = {edition},
  title = {S. Hilarii Episcopi Pictavensis Opera IV},
  shorttitle = {Hilarii Opera IV},
  year = {1916},
  author = {Alfred Leonhard Feder},
  number = {65},
  series = {CSEL},
  address = {Wien/Leipzig}
}

@BOOK{Hansen:Socr,
keywords = {edition},
shorthand = {Hansen},
  title = {Sokrates Kirchengeschichte. Mit Beiträgen von M. \v Sirinjan},
  shorttitle = {Sokrates Kirchengeschichte},
  year = {1995},
  author = {Günther Christian Hansen},
  number = {1},
  series = {GCS.NF},
  address = {Berlin}
}

@BOOK{Hansen:Gel,
keywords = {edition},
shorthand = {Hansen},
  title = {Anonyme Kirchengeschichte (Gelasius Cyzicenus, CPG 6034)},
  shorttitle = {Anonyme Kirchengeschichte},
  year = {2002},
  author = {Günther Christian Hansen},
  number = {9},
  series = {GCS.NF},
  address = {Berlin}
}

@BOOK{Opitz1935,
keywords = {edition},
  shorthand	  = {Opitz, AW II},
  title = {Athanasius Werke. II. Band: Die Apologien. Lieferung 1--7},
  shorttitle = {Athanasius Werke II 1--7},
  year = {1935--1941},
  author = {Hans-Georg Opitz},
  address = {Berlin/Leipzig},
  owner = {stockhausen},
  timestamp = {2007.03.26}
}

@BOOK{Opitz:Urk,
keywords = {edition},
  shorthand	  = {Opitz, AW III},
  title = {Athanasius Werke. III. Band: Urkunden zur Geschichte des arianischen Streites 318--328. Lieferung 1--2},
  shorttitle = {Athanasius Werke III 1--2},
  year = {1934/35},
  author = {Hans-Georg Opitz},
  address = {Berlin/Leipzig},
  owner = {stockhausen},
  timestamp = {2007.03.26}
}

@BOOK{Hansen:Thdt,
keywords = {edition},
shorthand = {Parmentier/Hansen},
  title = {Theodoret Kirchengeschichte},
  shorttitle = {Theodoret Kirchengeschichte},
  year = {1998},
  author = {Léon Parmentier and Günther Christian Hansen},
  number = {5},
  series = {GCS.NF},
  address = {Berlin},
  edition = {3}
}

@BOOK{Renoux:CodexII,
keywords = {edition},
  title = {Le Codex Arménien Jérusalem 121. II. Édition comparée du texte et
	de deux autres manuscrits},
  year = {1971},
  author = {Athanase Renoux},
  number = {36},
  series = {PO},
  address = {Turnhout},
  shorttitle = {Codex Arménien Jérusalem II}
}

@BOOK{Tarchnischvili:LectionnaireII,
keywords = {edition},
  title = {Le grand Lectionnaire de l'Église de Jérusalem (V\textsuperscript{e}--VIII\textsuperscript{e}
	siècle). Tome II},
  year = {1960},
  author = {Michel Tarchnischvili},
  number = {204/205},
  series = {CSCO},
  address = {Louvain},
  shorttitle = {Grand Lectionnaire II}
}

@BOOK{Hil:Syn,
keywords = {edition},
shorthand = {PL 10},
author = {Jean-Paul Migne},
title = {Sancti Hilarii Pictaviensis episcopi opera omnia, juxta editionem monachorum ordinis Sancti Benedicti e congregatione S. Mauri et omnes alias inter se collatas, reproducta, emendata, singulariter aucta. Tomus II et ultimus},  
  year = {1845},
  number = {10},
  series = {PL},
  address = {Paris}
}

@BOOK{Turner,
keywords = {edition},
  title = {Ecclesiae Occidentalis Monumenta Iuris Antiquissima. Canonum et conciliorum graecorum interpretationes latinae I/2},
  year = {1930},
  author = {Turner, Cuthbertus Hamilton},
  address = {Oxford},
shorttitle = {EOMIA}
}

@BOOK{Ballerini,
keywords = {edition},
  title = {Sancti Leonis Magni Romani Pontificis Opera omnia post Paschasii Quesnelli recensionem complures et pr{\ae}stantissimos mss. codices ab illo non consultos exacta, emendata, et ineditis aucta: pr{\ae}fationibus, admonitionibus et annotationibus illustrata curantibus Petro et Hieronymo fratribus Balleriniis, presbyteris Veronensibus. Accedunt Petri Thom{\ae} Cacciari exercitationes in universa opera S. Leonis Magni. Accurante et denuo recognoscente J.-P. Migne. Tomus tertius},
  year = {1865},
  number = {56},
  series = {PL},
  address = {Paris},
shorttitle = {Ballerini, Leonis opera}
}


@BOOK{Mont,
keywords = {edition},
  title = {{\greektext{To\~u >en <ag'ioic Patr`oc <hm\~wn >Ajanas'iou >Arqiep. >Alexandre'iac t`a e<urisk'omena p'anta.}} Sancti Patris nostri Athanasii Archiep. Alexandrini Opera omnia quae exstant vel quae ejus nomine circumferuntur, Ad mss. codices Gallicanos, Vaticanos, \&c. necnon ad Commelinianas lectiones castigata, multis aucta: nova Interpretatione, Praefationibus, Notis, variis lectionibus illustrata: nov\`a Sancti Doctoris vit\^a, Onomastico, \& copiosissimis Indicibus locupletata. Opera \& studio monachorum ordinis S. Benedicti \`e congretatione Sancti Mauri (Bernardi Montfaucon et Jacobi Lopin). Tribus Tomis in folio Graece et Latine},
  year = {1698},
  address = {Paris},
shorttitle = {Montfaucon, Athanasii opera}
}

@BOOK{Commelin,
keywords = {edition},
  title = {{\greektext{To\~u >en <ag'ioic Patr`oc <hm\~wn >Ajanas'iou >Arqiepisk'opou >Alexandre'iac t`a e<urisk'omena <'apanta.}} B. Athanasii Archiepiscopi Alexandrini Opera quae reperiuntur omnia, in duos tomos tributa. Graece nunc primum (ex Mss. Codd. Basil. Cantabrig. Palatt. \& aliis) in lucem data, cum interpretatione Latine Petri Nannii Alcmariani, \& aliorum ubi illi desiderabatur. Accesserunt Fragmenta varia: Notae variarum lectionum: Index triplex},
  year = {1601/2},
  address = {Heidelberg},
publisher = {Ex Officina Commeliniana},
author = {Petrus Nannius},
shorttitle = {Editio Commeliniana}
}

@Book{Klostermann,
keywords = {edition},
shorthand = {Klostermann/Hansen},
author = {Erich Klostermann and Günther Christian Hansen},
title = {Eusebius Werke. Vierter Band. Gegen Marcell, Über die kirchliche Theologie, Die Fragmente Marcells},
year = {1991},
series = {GCS},
address = {Berlin},
edition = {3}
}


@BOOK{Epi,
keywords = {edition},
shorthand = {Holl/Dummer},
  title = {Epiphanius. Dritter Band: Panarion haer. 65--80. De fide},
  year = {1985},
  author = {Karl Holl and Jürgen Dummer},
  series = {GCS},
  address = {Berlin},
  edition = {2},
shorttitle = {Epiphanius III}
}

@BOOK{Corn,
keywords = {edition},
  title = {D.  Epiphanii episcopi Constantiae Cypri, Contra octoaginta haereses opus, Panarium, sive Arcula, aut Capsula Medica appellatum, continens libros tres, \& tomos sive sectiones ex toto septem. Eiusdem D. Epiphanii Epistola sive liber Ancoratus appellatus, docens de vera fide Christiana. Item Eiusdem D. Epiphanii Anacephaleosis, sive summa totius operis Panarij appellati, \& contra octoaginta haereses conscripti. Eiusdem D. Epiphanii Libellus de mensuris ac ponderibus, \& de asterisco ac obelo, deque notis ac characteribus in divinae scripturae interpretibus, per Origenem usurpatis},
  author = {Cornarius, Janus},
  year = {1543},
  address = {Basel},
shorttitle = {Cornarius, Epiphanius}
}

@BOOK{Pet,
keywords = {edition},
  title = {{\greektext{To\~u >en <ag'ioic patr'oc hm\~wn >Epifan'iou >episk'opou Kwnstante'iac t\~hc K'uprou t`a swz'wmena p'anta}}. Sancti patri nostri Epiphanii Constanti{\ae} in Cypro episcopi opera qu{\ae} reperiri potuerint omnia},
  year = {1622},
  address = {Paris},
  author = {Dionysius Petavius},
shorttitle = {Epiphanii Opera}
}

@BOOK{Rett,
keywords = {edition},
  title = {Marcelliana},
  year = {1794},
  author = {Christian Heinrich Georg Rettberg},
  address = {Göttingen},
shorttitle = {Marcelliana}
}

@BOOK{Mai,
keywords = {edition},
  title = {Scriptorum veterum nova collectio e Vaticanis codicibus edita, t. III, 2},
  year = {1828},
  author = {A. Mai},
  address = {Rom},
shorttitle = {Collectio}
}

@BOOK{Coustant,
keywords = {edition},
  title = {S. Hilarii Pictavorum ep. Opera ad manuscriptos codices Gallicanos, Romanos, Belgicos, necnon ad veteres editiones castigata; aliquot aucta opusculis, praeviis in locos difficiles disputationibus, praefationibus, admonitionibus, notis, nova S. Confessoris vita et copiosissimis scriptuarum, rerum, glossarum indicibus locupletata et illustrata, studio et labore Monachorum Ordinis S. Benedicti e Congregatione S. Mauri},
  year = {1693},
  author = {Pierre Coustant},
  address = {Paris},
shorttitle = {Hilarius}
}

@BOOK{Faber,
keywords = {edition},
  title = {B. Hilarii Pictavensis provinciae Aquitaniae episcopi ex Opere Historico Fragmenta nunquam antea edita. Ex bibliotheca Pet. Pithoei I. C. Eiusdem Pet. Pithoei vita},
  year = {1598},
  author = {Nicolaus Faber},
  address = {Paris},
shorttitle = {Hilarius}
}


@BOOK{Gry,
keywords = {edition},
  title = {Scripta Arriana Latina I},
  year = {1982},
  author = {R. Gryson},
  number = {87},
  series = {CChr.SL},
  address = {Turnholt},
shorttitle = {Scripta Arriana}
}

@INBOOK{Markschies:Traditio,
keywords = {literatur},
  author = {Christoph Markschies},
  title = {Wer schrieb die sogenannte \textit{Traditio Apostolica}? Neue Beobachtungen
	und Hypothesen zu einer kaum lösbaren Frage aus der altkirchlichen
	Literaturgeschichte},
  pages = {1--74},
  crossref = {Kinzig:Tauffragen},
  owner = {stockhausen},
  shorttitle = {Traditio Apostolica}
}

@INBOOK{Markschies:Entstehen,
  keywords = {literatur},
  author = {Charles Piétri and Christoph Markschies},
  title = {Theologische Diskussion zur Zeit Konstantins: Arius, der ">arianische
	Streit"< und das Konzil von Nizäa, die nachnizänischen Auseinandersetzungen
	bis 337},
  pages = {271-344},
  shorttitle = {Theologische Diskussion zur Zeit Konstantins},
  booktitle = {Das Entstehen der einen Christenheit (250--430)},
  year = {1996},
  editor = {Ch. Piétri and L. Piétri},
  number = {2},
  series = {Die Geschichte des Christentums},
  address = {Freiburg/Basel/Wien},
}

@INBOOK{Schwartz:Antiochia,
keywords = {literatur},
  author = {Eduard Schwartz},
  title = {Das antiochenische Synodalschreiben von 325},
  pages = {169-187},
  crossref = {Schwartz:GesIII},
  shorttitle = {Antiochenisches Synodalschreiben}
}

@INBOOK{Schwartz:Dokumente,
  author = {Eduard Schwartz},
  title = {Die Dokumente des arianischen Streits bis 325},
  pages = {117--168},
  crossref = {Schwartz:GesIII},
  shorttitle = {Dokumente},
keywords = {literatur},
}

@INBOOK{Schwartz:Nicaea,
keywords = {literatur},
  author = {Eduard Schwartz},
  title = {Von Nicaea bis zu Konstantins Tod},
  pages = {188-264},
  crossref = {Schwartz:GesIII},
  shorttitle = {Von Nicaea}
}

@INBOOK{Vinzent:Entstehung,
keywords = {literatur},
  author = {Markus Vinzent},
  title = {Die Entstehung des ">Römischen Glaubensbekenntnisses"<},
  pages = {185--409},
  crossref = {Kinzig:Tauffragen},
  owner = {stockhausen},
  shorttitle = {Entstehung}
}

@ARTICLE{Abramowski:Arianerrede,
keywords = {literatur},
  author = {Luise Abramowski},
  title = {Die dritte Arianerrede des Athanasius. Eusebianer und Arianer und
	das westliche Serdicense},
  journal = {ZKG},
  year = {1991},
  volume = {102},
  pages = {389--413},
  shorttitle = {Dritte Ariannerrede}
}

@ARTICLE{Abramowski:Dionys,
keywords = {literatur},
  author = {Luise Abramowski},
  title = {Dionys von Rom (\textdagger\ 268) und Dionys von Alexandrien (\textdagger\
	264/5) in den arianischen Streitigkeiten des 4. Jahrhunderts},
  journal = {ZKG},
  year = {1982},
  volume = {93},
  pages = {240--272},
  shorttitle = {Dionys von Rom}
}

@ARTICLE{Abramowski:Synode,
keywords = {literatur},
  author = {Luise Abramowski},
  title = {Die Synode von Antiochien 324/25 und ihr Symbol},
  journal = {ZKG},
  year = {1975},
  volume = {86},
  pages = {356--366},
  shorttitle = {Synode von Antiochien}
}

@BOOK{Arnold:Early,
keywords = {literatur},
  title = {The Early Episcopal Career of Athanasius of Alexandria},
  year = {1991},
  author = {D. W. H. Arnold},
  number = {6},
  series = {CJAn},
  address = {Notre Dame/London},
  shorttitle = {Early Episcopal Career}
}

@BOOK{Ayres:Nicaea,
keywords = {literatur},
  title = {Nicaea and its Legacy. An Approach to Fourth-Century Trinitarian
	Theology},
  year = {2004},
  author = {L. Ayres},
  address = {Oxford},
  shorttitle = {Nicaea and its Legacy}
}

@BOOK{Bardy:Histoire,
keywords = {literatur},
  title = {Histoire de l'Eglise. Tome III: De la paix constantinienne à la mort
	de Théodose},
  year = {1947},
  author = {Gustave Bardy},
  address = {Paris},
  shorttitle = {Histoire de l'Eglise}
}

@ARTICLE{Bardy:Lucien,
keywords = {literatur},
  author = {Gustave Bardy},
  title = {Saint Lucien et son école: les collucianistes},
  journal = {RSR},
  year = {1932},
  volume = {22},
  pages = {437--462},
  shorttitle = {Saint Lucien et son école}
}

@ARTICLE{Bardy:Alexandre,
keywords = {literatur},
  author = {Gustave Bardy},
  title = {Saint Alexandre d'Alexandria a-t-il connu la 'Thalie' d'Arius?},
  journal = {RevSR},
  year = {1926},
  volume = {6},
  pages = {527--530},
  shorttitle = {Saint Alexandre d'Alexandria}
}

@BOOK{Barnes:Constantine,
keywords = {literatur},
  title = {Constantine and Eusebius},
  year = {1981},
  author = {T.D. Barnes},
  address = {Cambridge/London},
  shorttitle = {Constantine and Eusebius}
}

@ARTICLE{Barnes:Emperor,
keywords = {literatur},
  author = {T.D. Barnes},
  title = {Emperor and Bishops, A.D. 324--344: Some Problems},
  journal = {AJAH},
  year = {1978},
  volume = {3},
  pages = {53--75},
  shorttitle = {Emperor and Bishops}
}

@INCOLLECTION{Batiffol:paix,
keywords = {literatur},
  author = {Pierre Batiffol},
  title = {La paix constantinienne et la catholicisme},
  booktitle = {Le catholicisme des origins à  Saint Léon 2},
  year = {1929},
  pages = {301--309},
  address = {Paris},
  shorttitle = {Paix constantinienne}
}

@ARTICLE{Batiffol:Sozomene,
keywords = {literatur},
  author = {Pierre Batiffol},
  title = {Sozomène et Sabinos},
  journal = {ByZ},
  year = {1898},
  volume = {7},
  pages = {265--284},
  shorttitle = {Sozomène}
}

@ARTICLE{Baynes:Sozomen,
keywords = {literatur},
  author = {Norman H. Baynes},
  title = {Sozomen, Ecclesiastica Historia I 15},
  journal = {JThS},
  year = {1948},
  volume = {49},
  pages = {165--168},
  shorttitle = {Sozomen}
}

@INCOLLECTION{Bienert93,
keywords = {literatur},
  author = {W. A. Bienert},
  title = {Sabellius und Sabellianismus als historisches Problem},
  booktitle = {Logos. FS für Luise Abramowski},
  year = {1993},
  editor = {Hanns Christof Brennecke and Ernst Ludwig Grasmück and Christoph
	Markschies},
  number = {67},
  series = {BZNW},
  pages = {124--139},
  address = {Berlin/New York},
  shorttitle = {Sabellius und Sabellianismus}
}

@BOOK{Boularand:Heresie,
keywords = {literatur},
  title = {L'hérésie d'Arius et la Foi de Nicée},
  year = {1972},
  author = {Boularand, {\'E}phrem},
  address = {Paris},
  shorttitle = {Adnotationes}
}

@INCOLLECTION{Brennecke:Euphrates,
keywords = {literatur},
  author = {Hanns Christof Brennecke},
  title = {Synodum congregavit contra Euphratam nefandissimum episcopum. Zur
	angeblichen Kölner Synode gegen Euphrates},
  booktitle = {Von Konstantin zu Theodosius, Festschrift Wilhelm Schneemelcher},
  year = {1979},
  editor = {W. A. Bienert and K. Schäferdiek},
  pages = {176-200 (= ZKG 90 [1979] 30--54)},
  address = {Stuttgart},
  shorttitle = {Synodum congregavit}
}

@BOOK{Brennecke:Hilarius,
keywords = {literatur},
  title = {Hilarius von Poitiers und die Bischofsopposition gegen Konstantius
	II. Untersuchungen zur dritten Phase des arianischen Streits (337-361)},
  year = {1984},
  author = {Hanns Christof Brennecke},
  number = {26},
  series = {PTS},
  address = {Berlin/New York},
  shorttitle = {Hilarius}
}

@ARTICLE{Bruyne:lettres,
keywords = {literatur},
  author = {D. De Bruyne},
  title = {Deux lettres inconnues de Theognius l'évêque arien de Nicée},
  journal = {ZNW},
  year = {1928},
  volume = {27},
  pages = {106--110},
  shorttitle = {Deux lettres}
}

@BOOK{Burgess:Studies,
keywords = {literatur},
  title = {Studies in Eusebian and Post-Eusebian Chronography. 1. The Chronici
	canones of Eusebius of Caesarea: Structure, Content, and Chronology,
	AD 282--325 and 2. The Continuatio Antiochensis Eusebii: A Chronicle
	of Antioch and the Roman Near East during the Reigns of Constantine
	and Constantius II, AD 325--350.},
  year = {1999},
  author = {Richard W. Burgess and Witold Witakowski},
  number = {135},
  series = {Hist.E},
  address = {Stuttgart},
  owner = {stockhausen},
  shorttitle = {Studies in Eusebian and Post-Eusebian Chronography},
  timestamp = {2006.12.07}
}

@ARTICLE{Boehm:Aspekte,
keywords = {literatur},
  author = {Thomas Böhm},
  title = {Einige Aspekte zur jüngeren Arius-Forschung},
  journal = {MThZ},
  year = {1993},
  volume = {44},
  pages = {109--118},
  shorttitle = {Jüngere Arius-Forschung}
}

@BOOK{Boehm:Christologie,
keywords = {literatur},
  title = {Die Christologie des Arius. Dogmengeschichtliche Überlegungen unter
	besonderer Berücksichtigung der Hellenisierungsfrage},
  year = {1991},
  author = {Thomas Böhm},
  number = {7},
  series = {STG},
  address = {St. Ottilien},
  shorttitle = {Christologie des Arius}
}

@ARTICLE{Chadwick:Ossius,
keywords = {literatur},
  author = {H. Chadwick},
  title = {Ossius of Cordova and the presidency of the Council of Antioch 325},
  journal = {JThS},
  year = {1958},
  volume = {9},
  pages = {292--304},
  shorttitle = {Ossius of Cordova}
}

@ARTICLE{Crabbe:Cologne,
keywords = {literatur},
  author = {Crabbe, Anna},
  title = {Cologne and Serdica},
  journal = {JThS},
  year = {1979},
  volume = {30},
  pages = {178-185},
  owner = {stockhausen},
  timestamp = {2006.12.11}
}

@ARTICLE{Cross:Council,
keywords = {literatur},
  author = {F.L. Cross},
  title = {The Council of Antioch in 325 A.D.},
  journal = {CQR},
  year = {1939},
  volume = {128},
  pages = {49--76},
  shorttitle = {The Council of Antioch}
}

@INCOLLECTION{Durst:Epistula,
keywords = {literatur},
  author = {M. Durst},
  title = {Die Epistula de synodis des Hilarius von Poitiers. Probleme der Textkonstitution},
  booktitle = {Textsorten und Textkritik. Tagungsbeiträge},
  year = {2002},
  editor = {A. Primmer and K. Smolak and D. Weber},
  series = {ÖAW.PH Sitzungsberichte 693, Veröffentlichungen der Kommission zur
	Herausgabe des Corpus der lateinischen Kirchenväter Heft 21},
  pages = {59-87},
  address = {Wien},
  shorttitle = {Epistula de synodis}
}

@ARTICLE{Eltester:Antiochia,
keywords = {literatur},
  author = {Walter Eltester},
  title = {Die Kirchen Antiochias im IV. Jahrhundert},
  journal = {ZNW},
  year = {1937},
  volume = {36},
  pages = {251--286},
  shorttitle = {Kirchen Antiochias}
}

@BOOK{Feder1911,
keywords = {literatur},
  title = {Studien zu Hilarius von Poitiers II. Bischofsnamen und Bischofssitze
	bei Hilarius. Kritische Untersuchungen zur kirchlichen Prosopographie
	und Topographie des 4. Jahrhunderts},
  year = {1911},
  author = {Alfred Leonhard Feder},
  number = {166/5},
  series = {SAWW.PH},
  address = {Wien},
  owner = {stockhausen},
  shorttitle = {Studien zu Hilarius von Poitiers II},
  timestamp = {2007.03.10}
}

@BOOK{Field:Communion,
  keywords = {literatur},
  title = {On the communion of Damasus and Meletius. Fourth-Century Synodal
	Formulae in the Codex Veronensis LX. With Critical Edition and Translation},
  year = {2004},
  author = {Field, Lester L.},
  number = {145},
  series = {STPIMS},
  address = {Toronto},
  shorttitle = {On the communion}
}

@BOOK{Frank:Lehrbuch,
keywords = {literatur},
  title = {Lehrbuch der Geschichte der Alten Kirche},
  year = {1997},
  author = {K.S. Frank and Dr. Elisabeth Grünbeck},
  address = {Paderborn u.a.},
  shorttitle = {Lehrbuch Alte Kirche}
}

@BOOK{Grillmeier:Jesus,
keywords = {literatur},
  title = {Jesus der Christus im Glauben der Kirche Bd. 1: Von der Apostolischen
	Zeit bis zum Konzil von Chalcedon (451)},
  year = {1979},
  author = {A. Grillmeier},
  address = {Freiburg u.a.},
  shorttitle = {Jesus der Christus}
}

@BOOK{Gwatkin:Controversy,
keywords = {literatur},
  title = {The Arian Controversy},
  year = {1914},
  author = {Henry Melvill Gwatkin},
  address = {London},
  shorttitle = {Arian Controversy}
}

@BOOK{Gwatkin:Studies,
keywords = {literatur},
  title = {Studies of Arianism. Chiefly Referring to the Character and Chronology
	of the Reaction Which Followed the Council of Nicaea},
  year = {1900},
  edition = {2},
  author = {Henry Melvill Gwatkin},
  address = {Cambridge},
  shorttitle = {Studies of Arianism}
}

@ARTICLE{Hall:Creed,
keywords = {literatur},
  author = {S. G. Hall},
  title = {The Creed of Sardica},
  journal = {StPatr},
  year = {1989},
  volume = {19},
  pages = {173--184},
  shorttitle = {Creed of Sardica}
}

@BOOK{Hanson:Search,
keywords = {literatur},
  title = {The Search for the Christian Doctrine of God. The Arian Controversy
	318-381},
  year = {1988},
  author = {R.P.C. Hanson},
  address = {Edinburgh},
  shorttitle = {Search for the Christian Doctrine}
}

@BOOK{Harnack:Synode,
keywords = {literatur},
  title = {Die angebliche Synode von Antiochien im Jahr 324/25},
  year = {1908},
  author = {Adolf von Harnack},
  series = {SPAW},
  address = {Berlin},
  shorttitle = {Die angebliche Synode}
}

@ARTICLE{Holland:Synode,
keywords = {literatur},
  author = {D.L. Holland},
  title = {Die Synode von Antiochien und ihre Bedeutung für Eusebius von Cäsarea
	und das Konzil von Nizäa},
  journal = {ZKG},
  year = {1970},
  volume = {81},
  pages = {173--181},
  shorttitle = {Die Synode von Antiochien}
}

@ARTICLE{Hugger:Briefe,
keywords = {literatur},
  author = {Viktor Hugger},
  title = {Wie sind die Briefe des Alexanders von Alexandrien chronologisch
	zu ordnen?},
  journal = {ThQ},
  year = {1909},
  volume = {91},
  pages = {66--86},
  shorttitle = {Briefe des Alexanders von Alexandrien}
}

@BOOK{Hubner1952,
keywords = {literatur},
  title = {Der Praefectus Aegypti von Diokletian bis zum Ende der r{\"o}mischen
	Herrschaft},
  year = {1952},
  author = {H{\"u}bner, Heinz},
  number = {1},
  series = {Erlanger Beitr{\"a}ge zur Rechtsgeschichte: Reihe A, Beitr{\"a}ge
	zur antiken Rechtsgeschichte},
  address = {M{\"u}nchen-Pasing},
  owner = {stockhausen},
  shorttitle = {Praefectus Aegypti},
  timestamp = {2007.02.02}
}

@INCOLLECTION{Kannengiesser:Arius,
keywords = {literatur},
  author = {C. Kannengießer},
  title = {Où et quand Arius composa-t-il la Thalie},
  booktitle = {Kyriakon. FS Johannes Quasten I},
  year = {1970},
  editor = {Patrick Granfield and Josef A. Jungmann},
  pages = {346--351},
  address = {Münster},
  shorttitle = {Arius composa-t-il la Thalie}
}

@INBOOK{Kannengiesser:HolyScripture,
keywords = {literatur},
  author = {Charles Kannengießer},
  title = {Holy Scripture and Hellenistic Hermeneutics in Alexandrian Christology:
	The Arian Crisis, Protocol of the 41st Colloquy, 6 Dec. 1981},
  booktitle = {Colloquy 41 of the Center for Hermeneutical Studies in Hellenistic
	and Modern Culture},
  year = {1982},
  editor = {Ch. Kannengießer and I. Lawrence},
  pages = {1--40},
  address = {Berkeley},
  shorttitle = {Holy Scripture and Hellenistic Hermeneutics}
}

@BOOK{Kelly:Glaubensbekenntnisse,
keywords = {literatur},
  title = {Altkirchliche Glaubensbekenntnisse. Geschichte und Theologie},
  year = {1972},
  author = {John Norman Davidson Kelly},
  address = {Göttingen},
  owner = {stockhausen},
  shorttitle = {Altkirchliche Glaubensbekenntnisse}
}

@BOOK{Kinzig:Tauffragen,
keywords = {literatur},
  booktitle = {Tauf"|fragen und Bekenntnis. Studien zur sogenannten ">Traditio Apostolica"<,
	zu den ">Interrogationes de fide"< und zum ">Römischen Glaubensbekenntnis"<},
  year = {1999},
  author = {Wolfram Kinzig and Christoph Markschies and Markus Vinzent},
  number = {74},
  series = {AKG},
  address = {Berlin/New York},
  owner = {stockhausen},
  shorttitle = {Tauf"|fragen und Bekenntnis}
}

@INBOOK{Kopecek:Response,
keywords = {literatur},
  author = {Thomas A. Kopecek},
  title = {Response},
  booktitle = {Colloquy 41 of the Center for Hermeneutical Studies in Hellenistic
	and Modern Culture},
  year = {1982},
  editor = {Ch. Kannengießer and I. Lawrence},
  pages = {51--68},
  address = {Berkeley},
  shorttitle = {Response}
}

@BOOK{Kopecek:History,
keywords = {literatur},
  title = {A History of Neo-Arianism, Vol 1},
  year = {1979},
  author = {Thomas A. Kopecek},
  number = {8},
  series = {PMS},
  address = {Philadelphia},
  shorttitle = {History of Neo-Arianism}
}

@BOOK{Tillemont:Memoires,
keywords = {literatur},
  title = {Mémoires pour servir à l'histoire des six premiers siècles. VI/3
	Qui comprend le Concile de Nicée jusques aux Audiens},
  year = {1709},
  author = {Le Nain de Tillemont, Sébastien},
  address = {Paris},
  edition = {2},
  shorttitle = {Mémoires VI/3}
}

@BOOK{Lietzmann:Geschichte,
keywords = {literatur},
  title = {Geschichte der Alten Kirche. Bd. 3: Die Reichskirche bis zum Tode
	Julians},
  year = {1953},
  author = {H. Lietzmann},
  address = {Berlin},
  shorttitle = {Geschichte der Alten Kirche}
}

@ARTICLE{Loeschcke:Chronologie,
  keywords = {literatur},
  author = {Gerhard Loeschcke},
  title = {Zur Chronologie der beiden großen antiarianischen Schreiben des Alexander
	von Alexandrien},
  journal = {ZKG},
  year = {1910},
  volume = {31},
  pages = {584--586},
  shorttitle = {Chronologie der antiarianischen Schreiben}
}

@ARTICLE{Loofs:Glaubensbekenntnis,
keywords = {literatur},
  author = {F. Loofs},
  title = {Das Glaubensbekenntnis der Homousianer von Sardica},
  journal = {APAW.PH},
  year = {1909},
  volume = {1},
  pages = {3--39},
  notes = {wiederabgedruckt: F. Loofs, Patristica. Ausgewählte Aufsätze zur Alten
	Kirche, hg. v. H.C. Brennecke u. J. Ulrich, AKG 71, Berlin/New York
	1999, 189--223.},
  shorttitle = {Glaubensbekenntnis}
}

@ARTICLE{Loose:Chronologie,
keywords = {literatur},
  author = {U. Loose},
  title = {Zur Chronologie des arianischen Streits},
  journal = {ZKG},
  year = {1990},
  volume = {101},
  pages = {88--92},
  shorttitle = {Chronologie arianischer Streit}
}

@BOOK{Lorenz:Osten,
keywords = {literatur},
  title = {Das vierte Jahrhundert (Der Osten)},
  year = {1992},
  author = {Rudolf Lorenz},
  number = {1.C2},
  series = {KIG},
  address = {Göttingen},
  shorttitle = {4. Jahrhundert}
}

@ARTICLE{Lorenz:Arius,
keywords = {literatur},
  author = {Rudolf Lorenz},
  title = {Arius judaizans? Untersuchungen zur dogmengeschichtlichen Einordnung
	des Arius},
  journal = {FKDG},
  year = {1979},
  volume = {31},
  pages = {49--52},
  adress = {Göttingen},
  shorttitle = {Arius judaizans?}
}

@ARTICLE{Loehr2006,
keywords = {literatur},
  author = {Winrich Löhr},
  title = {Arius Reconsidered II},
  journal = {ZAC},
  year = {2006},
  volume = {10},
  pages = {121-157},
  owner = {stockhausen},
  shorttitle = {Arius Reconsidered II},
  timestamp = {2007.02.02}
}

@ARTICLE{Loehr2005,
keywords = {literatur},
  author = {Winrich Löhr},
  title = {Arius Reconsidered I},
  journal = {ZAC},
  year = {2005},
  volume = {9},
  pages = {524-560},
  owner = {stockhausen},
  shorttitle = {Arius Reconsidered I},
  timestamp = {2007.02.02}
}

@ARTICLE{Maffei,
keywords = {literatur},
  author = {Scipione Maffei},
  title = {Monumenti Ecclesiastici del quarto secolo Cristiano non pi`u venuti
	in luce: conservati in Codice antichissimo del Capitolo Veronense.},
  journal = {Osservazioni Letterarie che possono servir de Continuazione al Giornal
	de'Letterati d'Italia},
  year = {1783},
  pages = {7--92},
  shorttitle = {Monumenti}
}

@ARTICLE{Marx:Zeugen,
keywords = {literatur},
  author = {B. Marx},
  title = {Zwei Zeugen für die Herkunft der FragmenteI und II des sogenannten
	Opus Historicum s. Hilarii},
  journal = {ThQ},
  year = {1906},
  volume = {88},
  pages = {390--406},
  shorttitle = {Zeugen}
}

@ARTICLE{Mommsen1902,
keywords = {literatur},
  author = {Theodor Mommsen},
  title = {Erwiderung},
  journal = {Hermes},
  year = {1902},
  volume = {37},
  pages = {156~f},
  owner = {stockhausen},
  shorttitle = {Erwiderung},
  timestamp = {2006.07.03}
}

@ARTICLE{Mommsen1901,
keywords = {literatur},
  author = {Theodor Mommsen},
  title = {Consularia (Nachtrag zu Bd. 32 S. 538)},
  journal = {Hermes},
  year = {1901},
  volume = {36},
  pages = {602--605},
  owner = {stockhausen},
  shorttitle = {Consularia (Nachtrag)},
  timestamp = {2006.07.03}
}

@ARTICLE{Mommsen1897,
keywords = {literatur},
  author = {Theodor Mommsen},
  title = {Consularia},
  journal = {Hermes},
  year = {1897},
  volume = {32},
  pages = {538--553},
  owner = {stockhausen},
  shorttitle = {Consularia},
  timestamp = {2006.07.03}
}

@BOOK{Moehler:Athanasius,
keywords = {literatur},
  title = {Athanasius der Große und die Kirche seiner Zeit, besonders im Kampf
	mit dem Arianismus},
  year = {1844},
  author = {Johann Adam Möhler},
  address = {Mainz},
  shorttitle = {Athanasius der Große}
}

@ARTICLE{Nau:Litterature,
keywords = {literatur},
  author = {F. Nau},
  title = {Littérature canonique syriaque inédit},
  journal = {ROC},
  year = {1909},
  volume = {14},
  pages = {1--31},
  shorttitle = {Littérature canonique}
}

@ARTICLE{Nautin:Note,
keywords = {literatur},
  author = {P. Nautin},
  title = {Note critique sur la lettre d'Eusèbe de Nicomédie à Paulin de Tyr},
  journal = {VigChr},
  year = {1963},
  volume = {17},
  pages = {24--27},
  shorttitle = {Note critique}
}

@BOOK{Newman:HistoricalTracts,
keywords = {literatur},
  title = {Historical Tracts of St. Athanasius, translated by M. Atkinson, with
	Preface and Notes by J.H.N.},
  year = {1943},
  author = {John Henry Newman},
  address = {Oxford/London},
  shorttitle = {Historical Tracts of St. Athanasius}
}

@ARTICLE{Nyman:Synod,
keywords = {literatur},
  author = {J.R. Nyman},
  title = {The Synod of Antioch (324-325) and the Council of Nicaea},
  journal = {StPatr},
  year = {1961},
  volume = {IV/2},
  pages = {483--489},
  shorttitle = {The Synod of Antioch}
}

@INCOLLECTION{Opitz:Dionys,
keywords = {literatur},
  author = {Hans-Georg Opitz},
  title = {Dionys von Alexandrien und die Libyer},
  booktitle = {Quantulacumque. Studies presented to Kirsopp Lake by pupils, colleages
	and friends},
  year = {1937},
  editor = {R. P. Casey and S. Lake and A. K. Lake},
  pages = {41--53},
  address = {London},
  shorttitle = {Dionys von Alexandrien}
}

@BOOK{Opitz:Untersuchungen,
keywords = {literatur},
  title = {Untersuchungen zur Überlieferung der Schriften des Athanasius},
  year = {1935},
  author = {Hans-Georg Opitz},
  number = {23},
  series = {AKG},
  address = {Berlin/Leipzig},
  owner = {stockhausen},
  shorttitle = {Untersuchungen},
  timestamp = {2006.12.05}
}

@ARTICLE{Opitz:Zeitfolge,
keywords = {literatur},
  author = {Hans-Georg Opitz},
  title = {Die Zeitfolge des arianischen Streites von den Anfängen bis zum Jahre
	328},
  journal = {ZNW},
  year = {1934},
  volume = {33},
  pages = {131--159},
  shorttitle = {Zeitfolge}
}

@BOOK{Parvis:Marcellus,
keywords = {literatur},
  title = {Marcellus of Ancyra and the Lost Years of the Arian Controversy 325--345},
  year = {2006},
  author = {Sara Parvis},
  series = {OECS},
  address = {Oxford},
  owner = {stockhausen},
  shorttitle = {Marcellus of Ancyra},
  timestamp = {2006.12.07}
}

@INCOLLECTION{Pollard:Eusebius,
keywords = {literatur},
  author = {Thomas E. Pollard},
  title = {Eusebius of Caesarea and the Synod of Antioch (324--325)},
  booktitle = {Überlieferungsgeschichtliche Untersuchungen},
  year = {1981},
  editor = {Franz Paschke and Jürgen Dummer},
  number = {125},
  series = {TU},
  pages = {459-464},
  address = {Berlin},
  shorttitle = {Eusebius of Caesarea}
}

@BOOK{Quasten:GoldenAge,
keywords = {literatur},
  title = {The Golden Age of Greek Patristic Literature from the Council of
	Nicaea to the Council of Chalcedon},
  year = {1959},
  author = {J. Quasten},
  number = {III},
  series = {Patrology},
  address = {Allen, Texas},
  shorttitle = {Golden Age of Greek Patristic Literature}
}

@INBOOK{Ritter:Dogma,
keywords = {literatur},
  author = {A. M. Ritter},
  title = {Dogma und Lehre in der Alten Kirche},
  series = {HDThG},
  number = {1},
  year = {1999},
  pages = {99--283},
  address = {Göttingen},
  shorttitle = {Dogma und Lehre}
}

@ARTICLE{Ritter:Arianismus,
keywords = {literatur},
  author = {A. M. Ritter},
  title = {Arianismus},
  journal = {TRE},
  year = {1978},
  volume = {3},
  pages = {692--719},
  shorttitle = {Arianismus}
}

@BOOK{Robertson:Athanasius,
keywords = {literatur},
  title = {St. Athanasius. Select Works and Letters},
  year = {1991},
  author = {A. Robertson},
  number = {IV},
  series = {NPNF},
  address = {Edinburgh/Grand Rapids (MI)},
  shorttitle = {St. Athanasius}
}

@INCOLLECTION{Rogala:Anfaenge,
keywords = {literatur},
  author = {Sigismund Rogala},
  title = {Die Anfänge des arianischen Streites},
  booktitle = {Forschungen zur christlichen Literatur- und Dogmengeschichte 7/1},
  year = {1907},
  pages = {14--28},
  address = {Paderborn},
  shorttitle = {Anfänge}
}

@ARTICLE{Scheidweiler:Byz,
keywords = {literatur},
  author = {Felix Scheidweiler},
  title = {Zur neuen Ausgabe des Athanasius},
  journal = {ByZ},
  year = {1954},
  volume = {47},
  pages = {73-94},
  shorttitle = {Zur neuen Ausgabe}
}

@INCOLLECTION{Schneemelcher:Kirchweih,
keywords = {literatur},
  author = {Wilhelm Schneemelcher},
  title = {Die Kirchweihsynode von Antiochien 341},
  booktitle = {Reden und Aufsätze. Beiträge zur Kirchengeschichte und zum ökumenischen
	Gespräch},
  year = {1991},
  pages = {94--125},
  address = {Tübingen},
  shorttitle = {Kirchweihsynode}
}

@ARTICLE{Schneemelcher:Chronologie,
keywords = {literatur},
  author = {Wilhelm Schneemelcher},
  title = {Zu Chronologie des arianischen Streites},
  journal = {ThLZ},
  year = {1954},
  volume = {79},
  pages = {393--400},
  shorttitle = {Chronologie arianischer Streit}
}

@BOOK{Schneemelcher1949,
keywords = {literatur},
  title = {Urkunden zur Geschichte des arianischen Streites von der Inthronisation
	des Athanasius bis zum Tode Konstantins (328{}-337) Untersuchungen
	und Texte. 2 Bde.\relax},
  year = {1949},
  author = {Wilhelm Schneemelcher},
  address = {Habil. Masch. Göttingen},
  owner = {stockhausen},
  shorttitle = {Urkunden zur Geschichte},
  timestamp = {2007.03.26}
}

@BOOK{Schwartz:GesIII,
keywords = {literatur},
  booktitle = {Zur Geschichte des Athanasius. Gesammelte Schriften III},
  title = {Zur Geschichte des Athanasius. Gesammelte Schriften III},
  year = {1959},
  author = {Eduard Schwartz},
  address = {Berlin},
  shorttitle = {Zur Geschichte des Athanasius}
}

@ARTICLE{Schwartz:Kanones,
keywords = {literatur},
  author = {Eduard Schwartz},
  title = {Der griechische Text der Kanones von Serdika},
  journal = {ZNW},
  year = {1931},
  volume = {30},
  pages = {1-35},
  shorttitle = {Kanones von Serdika}
}

@ARTICLE{Schwartz:Konstantin,
keywords = {literatur},
  author = {Eduard Schwartz},
  title = {Konstantins Aufstieg zur Alleinherrschaft},
  journal = {NGWG.PH},
  year = {1904},
  pages = {518--547},
  shorttitle = {Konstantins Aufstieg}
}


@book{schwartz_sermo_1925,
	location = {München},
	title = {Der s.\,g. Sermo maior de fide des Athanasius},
	shorttitle = {Sermo maior},
	number = {Jahrgang 1924, 6. Abhandlung},
	series = {SBAW.PPH},
	author = {Schwartz, Eduard},
	date = {1925},
	keywords = {literatur}
}


@book{clement_facundi_1974,
	location = {Turnholti},
	title = {Facundi episcopi ecclesiae Hermianensis Opera omnia},
	number = {90A},
	series = {CChr.SL},
	publisher = {Brepols},
	keywords = {edition},
	author = {Clément, Jean-Marie and Vander Plaetse, R.},
	date = {1974}
}

@BOOK{Seeberg:Synode,
keywords = {literatur},
  title = {Die Synode von Antiochien im Jahre 324/25. Ein Beitrag zur Geschichte
	des Konzils von Nicäa},
  year = {1913 (ND Aalen 1973)},
  author = {E. Seeberg},
  number = {16},
  series = {NSGTK},
  address = {Berlin},
  shorttitle = {Die Synode von Antiochien}
}

@ARTICLE{Seeck:Urkundenfaelschungen,
keywords = {literatur},
  author = {Otto Seeck},
  title = {Urkundenfälschungen des 4. Jahrhunderts},
  journal = {ZKG},
  year = {1909},
  volume = {30},
  pages = {181--227.399--433},
  shorttitle = {Urkundenfälschungen}
}

@ARTICLE{Seeck:Rheinisch,
keywords = {literatur},
  author = {Otto Seeck},
  title = {Neue und alte Daten zur Geschichte Diocletians und Constantins},
  journal = {RhM},
  year = {1907},
  volume = {62},
  pages = {489-535},
  shorttitle = {Neue und alte Daten}
}

@ARTICLE{Seeck1902,
keywords = {literatur},
  author = {Otto Seeck},
  title = {Zur Chronologie Constantins},
  journal = {Hermes},
  year = {1902},
  volume = {37},
  pages = {155~f.},
  owner = {stockhausen},
  shorttitle = {Chronologie Constantins},
  timestamp = {2006.07.03}
}

@ARTICLE{Seeck1901,
keywords = {literatur},
  author = {Otto Seeck},
  title = {Zur Chronologie des Kaisers Licinius},
  journal = {Hermes},
  year = {1901},
  volume = {36},
  pages = {28--35},
  owner = {stockhausen},
  shorttitle = {Chronologie Licinius'},
  timestamp = {2006.07.03}
}

@ARTICLE{Seeck:Untersuchungen,
keywords = {literatur},
  author = {Otto Seeck},
  title = {Untersuchungen zur Geschichte des Nicänischen Konzils},
  journal = {ZKG},
  year = {1896},
  volume = {17},
  pages = {1--71.319--362},
  shorttitle = {Geschichte des Nicänischen Konzils}
}

@book{Seeck:Regesten,
	title = {Regesten der Kaiser und Päpste für die Jahre 311 bis 476 n.Ch.\relax},
	address = {Stuttgart},
	author = {Otto Seeck},
	year = {1919 (ND Frankfurt 1964)},
	biburl = {http://www.bibsonomy.org/bibtex/2afa2614c117bb7af74e21c0871f5cf65/avs},
	shorttitle = {Regesten}, gender = {sm}, lockkey = {N},
	keywords = {literatur}
}


@inbook{kohlbacher_rabbula_2004,
	location = {Münster},
	title = {Rabbula in Edessa. Das Weiterwirken eines Schismas in der armenischen Bekenntnistradition},
	isbn = {3-8258-7418-4},
	pages = {233-273},
	number = {30},
	booktitle = {Blicke gen Osten. Festschrift für Friedrich Heyer zum 95. Geburtstag},
	series = {Studien zur orientalischen Kirchengeschichte},
	publisher = {Lit},
	author = {Kohlbacher, Michael},
	editor = {Tamcke, Martin},
	date = {2004},
	keywords = {literatur}
}

@inbook{seibt_beobachtungen_1993,
	location = {Berlin/New York},
	title = {Beobachtungen zur Verfasserfrage der pseudoathanasianischen Expositio fidei},
	shorttitle = {Beobachtungen},
	isbn = {3-11-013985-5},
	pages = {281-296},
	number = {67},
	booktitle = {Logos. Festschrift für Luise Abramowski zum 8. Juli 1993},
	series = {BZNW},
	publisher = {de Gruyter},
	author = {Seibt, Klaus},
	editor = {Brennecke, Hanns Christof and Markschies, Christoph and Grasmück, Ernst Ludwig},
	date = {1993},
	keywords = {literatur}
}

@BOOK{Seibt94,
keywords = {edition},
shorthand = {Seibt/Vinzent},
  title = {Die Theologie des Markell von Ankyra},
  year = {1994},
  author = {K. Seibt},
  number = {59},
  series = {AKG},
  address = {Berlin},
  shorttitle = {Markell}
}

@BOOK{Simonetti:crisi,
keywords = {literatur},
  title = {La crisi ariana nel IV secolo},
  year = {1975},
  author = {M. Simonetti},
  number = {11},
  series = {StudEph">Aug"<},
  address = {Rom},
  shorttitle = {Crisi ariana}
}

@ARTICLE{Skarsaune:neglecteddetail,
keywords = {literatur},
  author = {O. Skarsaune},
  title = {A Neglected Detail in the Creed of Nicaea (325)},
  journal = {VigChr},
  year = {1987},
  volume = {41},
  pages = {34--54},
  shorttitle = {Neglected Detail}
}

@BOOK{Snellman:Anfang,
keywords = {literatur},
  title = {Der Anfang des arianischen Streites. Ein Beitrag zur Geschichte des
	Streites aufs Neue untersucht},
  year = {1904},
  author = {P. Snellman},
  address = {Helsingfors},
  shorttitle = {Der Anfang des arianischen Streits}
}

@INBOOK{Stead:Response,
keywords = {literatur},
  author = {G. C. Stead},
  title = {Response to Ch. Kannengießer},
  booktitle = {Colloquy 41 of the Center for Hermeneutical Studies in Hellenistic
	and Modern Culture},
  year = {1982},
  editor = {Ch. Kannengießer and I. Lawrence},
  pages = {73--76},
  address = {Berkeley},
  shorttitle = {Response}
}

@ARTICLE{Stead:Arius,
keywords = {literatur},
  author = {G. C. Stead},
  title = {Arius in Modern Research},
  journal = {JThS},
  year = {1944},
  volume = {45},
  pages = {24--36},
  shorttitle = {Arius}
}

@ARTICLE{Stead:Athanasius,
keywords = {literatur},
  author = {G. C. Stead},
  title = {Athanasius' Earliest Written Work},
  journal = {JThS},
  year = {1938},
  volume = {39},
  pages = {76--91},
  shorttitle = {Athanasius' Earliest Written Work}
}

@BOOK{Strutwolf:Trinitaetstheologie,
keywords = {literatur},
  title = {Die Trinitätstheologie und Christologie des Euseb von Cäsarea. Eine
	dogmengeschichtliche Untersuchung seiner Platonismusrezeption und
	Wirkungsgeschichte},
  year = {1999},
  author = {H. Strutwolf},
  number = {72},
  series = {FKDG},
  address = {Göttingen},
  shorttitle = {Trinitätstheologie und Christologie}
}

@ARTICLE{Staehlin:Rez,
keywords = {literatur},
  author = {O. Stählin},
  title = {Rezension AW II/1},
  journal = {ZKG},
  year = {1939},
  volume = {58},
  pages = {586-588}
}

@ARTICLE{Telfer:Sozomen,
keywords = {literatur},
  author = {W. Telfer},
  title = {Sozomen 1.15, A Reply},
  journal = {JThS},
  year = {1949},
  volume = {50},
  pages = {187--191},
  shorttitle = {Sozomen 1.15}
}

@ARTICLE{Telfer:ArianControversy,
keywords = {literatur},
  author = {W. Telfer},
  title = {When Did the Arian Controversy Begin},
  journal = {JThS},
  year = {1946},
  volume = {47},
  pages = {129--142},
  shorttitle = {Arian Controversy}
}

@ARTICLE{Telfer:CodVer,
keywords = {literatur},
  author = {W. Telfer},
  title = {The Codex Verona LX(58)},
  journal = {HThR},
  year = {1943},
  volume = {36},
  pages = {169-246},
  owner = {stockhausen},
  timestamp = {2006.12.07}
}

@ARTICLE{Telfer:Arius,
keywords = {literatur},
  author = {W. Telfer},
  title = {Arius Takes Refuge in Nicomedia},
  journal = {JThS},
  year = {1936},
  volume = {37},
  pages = {60--63},
  shorttitle = {Arius Takes Refuge}
}

@INCOLLECTION{Tetz:Kirchweih,
keywords = {literatur},
  author = {M. Tetz},
  title = {Die Kirchweihsynode von Antiochien (341) und Marcellus von Ankyra.
	Zu der Glaubenserklärung des Theophronius von Tyana und ihre Folgen},
  booktitle = {Oecumenica et Patristica, FS W. Schneemelcher},
  year = {1989},
  pages = {199--217},
  address = {Chambésy/Genf},
  shorttitle = {Kirchweihsynode}
}

@ARTICLE{Tetz:Ante,
keywords = {literatur},
  author = {M. Tetz},
  title = {Ante omnia de sancta fide et de integritate veritatis. Glaubensfragen
	auf der Synode von Serdika (342)},
  journal = {ZNW},
  year = {1985},
  volume = {76},
  pages = {243--269},
  shorttitle = {Ante omnia}
}

@ARTICLE{Tetz:Homilie,
keywords = {literatur},
  author = {M. Tetz},
  title = {Eine arianische Homilie unter dem Namen des Athanasius von Alexandrien},
  journal = {ZKG},
  year = {1952},
  volume = {64},
  pages = {299-307},
  shorttitle = {Eine arianische Homilie}
}

@BOOK{Thuemmel:Kirche,
keywords = {literatur},
  title = {Die Kirche des Ostens im 3. und 4. Jahrhundert},
  year = {1988},
  author = {Hans Georg Thümmel},
  number = {I/4},
  series = {KGE},
  address = {Berlin},
  shorttitle = {Kirche des Ostens}
}

@BOOK{Ulrich1994,
keywords = {literatur},
  title = {Die Anfänge der abendländischen Rezeption des Nizänums},
  year = {1994},
  author = {Jörg Ulrich},
  number = {39},
  series = {PTS},
  address = {Berlin/New York},
  owner = {stockhausen},
  shorttitle = {Anfänge der abendländischen Rezeption}
}

@BOOK{Urbina:Nizaea,
keywords = {literatur},
  title = {Nizäa und Konstantinopel},
  year = {1964},
  author = {I. Ortiz de Urbina},
  number = {1},
  series = {GÖK},
  address = {Mainz},
  shorttitle = {Nizäa und Konstantinopel}
}

@BOOK{Urbina:Histoire,
keywords = {literatur},
  title = {Histoire des conciles oecuméniques I. Nicée et Constantinople},
  year = {1963},
  author = {I. Ortiz de Urbina},
  address = {Paris},
  shorttitle = {Histoire des conciles oecuménique I}
}

@INCOLLECTION{Valesius:Adnotationes,
keywords = {literatur},
  author = {Henricus Valesius},
  title = {Notae ad Historiam ecclesiasticam Theodoreti},
  booktitle = {Theodoreti Cyrensis episcopi opera omnia},
  year = {1864},
  number = {82},
  series = {PG},
  pages = {1522-1596},
  address = {Paris},
  shorttitle = {Notae}
}

@BOOK{Vinzent:Asterius,
keywords = {literatur},
  title = {Asterius von Kappadokien. Die theologischen Fragmente. Einleitung,
	kritischer Text, Übersetzung und Kommentar},
  year = {1993},
  author = {Markus Vinzent},
  number = {20},
  series = {SVigChr},
  address = {Leiden/New York/Köln},
  shorttitle = {Asterius}
}

@BOOK{Wickham:Hilary,
keywords = {literatur},
  title = {Hilary of Poitiers. Conflicts of Conscience and Law in the Fourth-Century
	Church},
  year = {1997},
  author = {Lionel R. Wickham},
  number = {25},
  series = {TTH},
  address = {Liverpool},
  shorttitle = {Hilary of Poitiers}
}

@BOOK{Williams:Arius,
keywords = {literatur},
  title = {Arius. Heresy ans Tradition, Revised Edition},
  year = {2002},
  author = {R. Williams},
  address = {Grand Rapids (MI)/Cambridge},
  shorttitle = {Arius}
}

@ARTICLE{Wilmart:Constantium,
keywords = {literatur},
  author = {André Wilmart},
  title = {L'Ad Constantium liber primus de saint Hilaire de Poitiers et les
	fragments historiques},
  journal = {RBen},
  year = {1907},
  volume = {24},
  pages = {149-179,291-317},
  shorttitle = {L'Ad Constantium liber primus}
}

@ARTICLE{Winkelmann:Byzanz,
keywords = {literatur},
  author = {Friedhelm Winkelmann},
  title = {Die Bischöfe Metrophanes und Alexandros von Byzanz},
  journal = {ByZ},
  year = {1966},
  volume = {59},
  pages = {47--71},
  shorttitle = {Bischöfe}
}

@BOOK{Din,
keywords = {literatur},
  title = {Epiphanii episcopi Constantiae opera. Vol. III Pars II Annotationes
	ad Panarium},
  year = {1862},
  editor = {Wilhelm Dindorf},
  address = {Leipzig},
  shorttitle = {Epiphanius III/2}
}

@BOOK{Hansen:FChr,
  shorthand = {Hansen, FC},
keywords = {edition},
  title = {Sozomenos Kirchengeschichte},
  year = {2004},
  author = {Günther Christian Hansen},
  series = {FC},
  number = {73},
  address = {Turnhout},
  shorttitle = {FC Sozomenos} 
}   
